[gd_scene load_steps=39 format=3 uid="uid://p53du3tkbk5y"]

[ext_resource type="Script" path="res://assets/characters/player_character.gd" id="1_7h7vx"]
[ext_resource type="Texture2D" uid="uid://8qufjyc0up5o" path="res://assets/characters/hero/main_robot_fall.png" id="2_58w6n"]
[ext_resource type="Texture2D" uid="uid://yvja2o3jswbp" path="res://assets/characters/hero/attack.png" id="2_lc3ly"]
[ext_resource type="FontFile" uid="uid://dm4e88oedquv" path="res://assets/UI/LCD5x8HRU.ttf" id="2_ms2kk"]
[ext_resource type="Texture2D" uid="uid://c64c8sukaonc7" path="res://assets/characters/hero/main_robot_jump.png" id="3_xphcn"]
[ext_resource type="Texture2D" uid="uid://6tw50tb02hky" path="res://assets/characters/hero/main_robot_run.png" id="4_kkc0s"]
[ext_resource type="Texture2D" uid="uid://baoueqbfhq2qm" path="res://assets/characters/hero/main_robot_idle.png" id="5_bsw76"]

[sub_resource type="RectangleShape2D" id="RectangleShape2D_qa3cb"]
size = Vector2(140, 122)

[sub_resource type="LabelSettings" id="LabelSettings_8iu0m"]
font = ExtResource("2_ms2kk")

[sub_resource type="RectangleShape2D" id="RectangleShape2D_wju5n"]
size = Vector2(46.5, 122)

[sub_resource type="RectangleShape2D" id="RectangleShape2D_oiwv3"]
size = Vector2(46.5, 122)

[sub_resource type="AtlasTexture" id="AtlasTexture_0wfyg"]
atlas = ExtResource("2_lc3ly")
region = Rect2(138, 0, 138, 124)

[sub_resource type="AtlasTexture" id="AtlasTexture_aqjmc"]
atlas = ExtResource("2_lc3ly")
region = Rect2(276, 0, 138, 124)

[sub_resource type="AtlasTexture" id="AtlasTexture_26t7k"]
atlas = ExtResource("2_lc3ly")
region = Rect2(414, 0, 138, 124)

[sub_resource type="AtlasTexture" id="AtlasTexture_5higy"]
atlas = ExtResource("2_lc3ly")
region = Rect2(552, 0, 138, 124)

[sub_resource type="AtlasTexture" id="AtlasTexture_i8cmn"]
atlas = ExtResource("2_lc3ly")
region = Rect2(138, 0, 138, 124)

[sub_resource type="AtlasTexture" id="AtlasTexture_cwj0s"]
atlas = ExtResource("2_lc3ly")
region = Rect2(276, 0, 138, 124)

[sub_resource type="AtlasTexture" id="AtlasTexture_aah0p"]
atlas = ExtResource("2_lc3ly")
region = Rect2(414, 0, 138, 124)

[sub_resource type="AtlasTexture" id="AtlasTexture_u7idf"]
atlas = ExtResource("2_lc3ly")
region = Rect2(552, 0, 138, 124)

[sub_resource type="AtlasTexture" id="AtlasTexture_j1ghy"]
atlas = ExtResource("2_58w6n")
region = Rect2(0, 0, 124, 124)

[sub_resource type="AtlasTexture" id="AtlasTexture_0kwx3"]
atlas = ExtResource("2_58w6n")
region = Rect2(124, 0, 124, 124)

[sub_resource type="AtlasTexture" id="AtlasTexture_6qqan"]
atlas = ExtResource("2_58w6n")
region = Rect2(248, 0, 124, 124)

[sub_resource type="AtlasTexture" id="AtlasTexture_mx16q"]
atlas = ExtResource("2_58w6n")
region = Rect2(372, 0, 124, 124)

[sub_resource type="AtlasTexture" id="AtlasTexture_jwm01"]
atlas = ExtResource("2_58w6n")
region = Rect2(496, 0, 124, 124)

[sub_resource type="AtlasTexture" id="AtlasTexture_wjrko"]
atlas = ExtResource("5_bsw76")
region = Rect2(0, 0, 124, 124)

[sub_resource type="AtlasTexture" id="AtlasTexture_dkao3"]
atlas = ExtResource("5_bsw76")
region = Rect2(124, 0, 124, 124)

[sub_resource type="AtlasTexture" id="AtlasTexture_oh3xt"]
atlas = ExtResource("5_bsw76")
region = Rect2(248, 0, 124, 124)

[sub_resource type="AtlasTexture" id="AtlasTexture_8px56"]
atlas = ExtResource("5_bsw76")
region = Rect2(372, 0, 124, 124)

[sub_resource type="AtlasTexture" id="AtlasTexture_5k62s"]
atlas = ExtResource("5_bsw76")
region = Rect2(496, 0, 124, 124)

[sub_resource type="AtlasTexture" id="AtlasTexture_dn5mp"]
atlas = ExtResource("5_bsw76")
region = Rect2(620, 0, 124, 124)

[sub_resource type="AtlasTexture" id="AtlasTexture_dwj7u"]
atlas = ExtResource("5_bsw76")
region = Rect2(744, 0, 124, 124)

[sub_resource type="AtlasTexture" id="AtlasTexture_eq5se"]
atlas = ExtResource("3_xphcn")
region = Rect2(0, 0, 124, 124)

[sub_resource type="AtlasTexture" id="AtlasTexture_hg540"]
atlas = ExtResource("4_kkc0s")
region = Rect2(0, 0, 124, 124)

[sub_resource type="AtlasTexture" id="AtlasTexture_pyx8g"]
atlas = ExtResource("4_kkc0s")
region = Rect2(124, 0, 124, 124)

[sub_resource type="AtlasTexture" id="AtlasTexture_u8p2d"]
atlas = ExtResource("4_kkc0s")
region = Rect2(248, 0, 124, 124)

[sub_resource type="AtlasTexture" id="AtlasTexture_51t8i"]
atlas = ExtResource("4_kkc0s")
region = Rect2(372, 0, 124, 124)

[sub_resource type="SpriteFrames" id="SpriteFrames_y4r2o"]
animations = [{
"frames": [{
"duration": 1.0,
"texture": SubResource("AtlasTexture_0wfyg")
}, {
"duration": 1.0,
"texture": SubResource("AtlasTexture_aqjmc")
}, {
"duration": 1.0,
"texture": SubResource("AtlasTexture_26t7k")
}, {
"duration": 1.0,
"texture": SubResource("AtlasTexture_5higy")
}, {
"duration": 1.0,
"texture": SubResource("AtlasTexture_aqjmc")
}, {
"duration": 1.0,
"texture": SubResource("AtlasTexture_0wfyg")
}],
"loop": false,
"name": &"attack",
"speed": 24.0
}, {
"frames": [{
"duration": 50.0,
"texture": SubResource("AtlasTexture_i8cmn")
}, {
"duration": 1.0,
"texture": SubResource("AtlasTexture_cwj0s")
}, {
"duration": 1.0,
"texture": SubResource("AtlasTexture_aah0p")
}, {
"duration": 50.0,
"texture": SubResource("AtlasTexture_u7idf")
}, {
"duration": 1.0,
"texture": SubResource("AtlasTexture_cwj0s")
}, {
"duration": 1.0,
"texture": SubResource("AtlasTexture_i8cmn")
}],
"loop": false,
"name": &"attack_strong",
"speed": 80.0
}, {
"frames": [{
"duration": 1.0,
"texture": SubResource("AtlasTexture_j1ghy")
}, {
"duration": 1.0,
"texture": SubResource("AtlasTexture_0kwx3")
}, {
"duration": 1.0,
"texture": SubResource("AtlasTexture_6qqan")
}, {
"duration": 1.0,
"texture": SubResource("AtlasTexture_mx16q")
}, {
"duration": 1.0,
"texture": SubResource("AtlasTexture_jwm01")
}],
"loop": true,
"name": &"fall",
"speed": 12.0
}, {
"frames": [{
"duration": 1.0,
"texture": SubResource("AtlasTexture_wjrko")
}, {
"duration": 1.0,
"texture": SubResource("AtlasTexture_dkao3")
}, {
"duration": 1.0,
"texture": SubResource("AtlasTexture_oh3xt")
}, {
"duration": 1.0,
"texture": SubResource("AtlasTexture_8px56")
}, {
"duration": 1.0,
"texture": SubResource("AtlasTexture_5k62s")
}, {
"duration": 1.0,
"texture": SubResource("AtlasTexture_dn5mp")
}, {
"duration": 1.0,
"texture": SubResource("AtlasTexture_dwj7u")
}],
"loop": true,
"name": &"idle",
"speed": 8.0
}, {
"frames": [{
"duration": 1.0,
"texture": SubResource("AtlasTexture_eq5se")
}],
"loop": true,
"name": &"jump",
"speed": 1.0
}, {
"frames": [{
"duration": 1.0,
"texture": SubResource("AtlasTexture_hg540")
}, {
"duration": 1.0,
"texture": SubResource("AtlasTexture_pyx8g")
}, {
"duration": 1.0,
"texture": SubResource("AtlasTexture_u8p2d")
}, {
"duration": 1.0,
"texture": SubResource("AtlasTexture_51t8i")
}],
"loop": true,
"name": &"run",
"speed": 12.0
}]

[sub_resource type="RectangleShape2D" id="RectangleShape2D_fjlw8"]
size = Vector2(47.5, 122)

[node name="player_character" type="CharacterBody2D"]
collision_layer = 2
collision_mask = 29
script = ExtResource("1_7h7vx")

[node name="player_area" type="Area2D" parent="."]
position = Vector2(28, -62)
collision_layer = 2
collision_mask = 16

[node name="player_area" type="CollisionShape2D" parent="player_area"]
shape = SubResource("RectangleShape2D_qa3cb")

[node name="interaction_label" type="Label" parent="player_area"]
anchors_preset = 8
anchor_left = 0.5
anchor_top = 0.5
anchor_right = 0.5
anchor_bottom = 0.5
offset_left = -71.0
offset_top = -81.0
offset_right = 71.0
offset_bottom = -64.0
grow_horizontal = 2
grow_vertical = 2
label_settings = SubResource("LabelSettings_8iu0m")
horizontal_alignment = 1

[node name="hit_area" type="Area2D" parent="."]
position = Vector2(28, -62)
collision_layer = 0
collision_mask = 12

[node name="hit_collision_right" type="CollisionShape2D" parent="hit_area"]
position = Vector2(43, 1)
shape = SubResource("RectangleShape2D_wju5n")
disabled = true

[node name="hit_collision_left" type="CollisionShape2D" parent="hit_area"]
position = Vector2(-51, 1)
shape = SubResource("RectangleShape2D_oiwv3")
disabled = true

[node name="player_animation" type="AnimatedSprite2D" parent="."]
position = Vector2(28, -62)
sprite_frames = SubResource("SpriteFrames_y4r2o")
animation = &"idle"

[node name="player_collision" type="CollisionShape2D" parent="."]
position = Vector2(24, -61)
shape = SubResource("RectangleShape2D_fjlw8")

[node name="wall_detection_left" type="RayCast2D" parent="."]
position = Vector2(0, -41)
target_position = Vector2(0, -20)
hit_from_inside = true

[node name="wall_detection_right" type="RayCast2D" parent="."]
position = Vector2(48, -41)
target_position = Vector2(0, -20)
hit_from_inside = true

[node name="stair_detection_right" type="RayCast2D" parent="."]
position = Vector2(48, -41)
target_position = Vector2(0, 41)

[node name="stair_detection_left" type="RayCast2D" parent="."]
position = Vector2(0, -41)
target_position = Vector2(0, 41)

[node name="fall_detection_right" type="RayCast2D" parent="."]
position = Vector2(47, 0)
target_position = Vector2(0, 41)

[node name="fall_detection_left" type="RayCast2D" parent="."]
position = Vector2(1, 0)
target_position = Vector2(0, 41)

[connection signal="area_entered" from="player_area" to="." method="_on_player_area_entered"]
[connection signal="area_exited" from="player_area" to="." method="_on_player_area_exited"]
[connection signal="body_entered" from="hit_area" to="." method="_on_hit_body_entered"]
[connection signal="animation_finished" from="player_animation" to="." method="_on_animation_finished"]
