[gd_scene load_steps=25 format=3 uid="uid://bpllfw6ewwdpl"]

[ext_resource type="Texture2D" uid="uid://coyslwttdvdk1" path="res://assets/characters/enemies/MKT/turret_attack.png" id="1_58asp"]
[ext_resource type="Script" path="res://assets/characters/enemies/MKT/mkt_character.gd" id="1_lnpxl"]
[ext_resource type="Texture2D" uid="uid://cj8f87xytt3bp" path="res://assets/characters/enemies/MKT/turret_die.png" id="2_pfpca"]
[ext_resource type="Texture2D" uid="uid://xfbks5ffrbl6" path="res://assets/characters/enemies/MKT/turret_idle.png" id="3_jckg1"]

[sub_resource type="AtlasTexture" id="AtlasTexture_mjtml"]
atlas = ExtResource("2_pfpca")
region = Rect2(0, 0, 148, 95)

[sub_resource type="AtlasTexture" id="AtlasTexture_725c3"]
atlas = ExtResource("2_pfpca")
region = Rect2(148, 0, 148, 95)

[sub_resource type="AtlasTexture" id="AtlasTexture_gi6kf"]
atlas = ExtResource("2_pfpca")
region = Rect2(296, 0, 148, 95)

[sub_resource type="AtlasTexture" id="AtlasTexture_6t7fo"]
atlas = ExtResource("2_pfpca")
region = Rect2(444, 0, 148, 95)

[sub_resource type="AtlasTexture" id="AtlasTexture_n0pi0"]
atlas = ExtResource("2_pfpca")
region = Rect2(592, 0, 148, 95)

[sub_resource type="AtlasTexture" id="AtlasTexture_7ee62"]
atlas = ExtResource("3_jckg1")
region = Rect2(0, 0, 148, 95)

[sub_resource type="AtlasTexture" id="AtlasTexture_h02es"]
atlas = ExtResource("3_jckg1")
region = Rect2(148, 0, 148, 95)

[sub_resource type="AtlasTexture" id="AtlasTexture_nm547"]
atlas = ExtResource("3_jckg1")
region = Rect2(296, 0, 148, 95)

[sub_resource type="AtlasTexture" id="AtlasTexture_sntj4"]
atlas = ExtResource("3_jckg1")
region = Rect2(444, 0, 148, 95)

[sub_resource type="AtlasTexture" id="AtlasTexture_bpjbl"]
atlas = ExtResource("3_jckg1")
region = Rect2(592, 0, 148, 95)

[sub_resource type="AtlasTexture" id="AtlasTexture_x8nxc"]
atlas = ExtResource("3_jckg1")
region = Rect2(740, 0, 148, 95)

[sub_resource type="AtlasTexture" id="AtlasTexture_aidqi"]
atlas = ExtResource("3_jckg1")
region = Rect2(888, 0, 148, 95)

[sub_resource type="AtlasTexture" id="AtlasTexture_avd1d"]
atlas = ExtResource("1_58asp")
region = Rect2(0, 0, 148, 95)

[sub_resource type="AtlasTexture" id="AtlasTexture_sijna"]
atlas = ExtResource("1_58asp")
region = Rect2(148, 0, 148, 95)

[sub_resource type="AtlasTexture" id="AtlasTexture_l1qbv"]
atlas = ExtResource("1_58asp")
region = Rect2(296, 0, 148, 95)

[sub_resource type="SpriteFrames" id="SpriteFrames_tg3bm"]
animations = [{
"frames": [{
"duration": 1.0,
"texture": SubResource("AtlasTexture_mjtml")
}, {
"duration": 1.0,
"texture": SubResource("AtlasTexture_725c3")
}, {
"duration": 1.0,
"texture": SubResource("AtlasTexture_gi6kf")
}, {
"duration": 1.0,
"texture": SubResource("AtlasTexture_6t7fo")
}, {
"duration": 1.0,
"texture": SubResource("AtlasTexture_n0pi0")
}],
"loop": false,
"name": &"die",
"speed": 10.0
}, {
"frames": [{
"duration": 1.0,
"texture": SubResource("AtlasTexture_7ee62")
}, {
"duration": 1.0,
"texture": SubResource("AtlasTexture_h02es")
}, {
"duration": 1.0,
"texture": SubResource("AtlasTexture_nm547")
}, {
"duration": 1.0,
"texture": SubResource("AtlasTexture_sntj4")
}, {
"duration": 1.0,
"texture": SubResource("AtlasTexture_bpjbl")
}, {
"duration": 1.0,
"texture": SubResource("AtlasTexture_x8nxc")
}, {
"duration": 1.0,
"texture": SubResource("AtlasTexture_aidqi")
}],
"loop": true,
"name": &"idle",
"speed": 8.0
}, {
"frames": [{
"duration": 1.0,
"texture": SubResource("AtlasTexture_avd1d")
}, {
"duration": 0.3,
"texture": SubResource("AtlasTexture_sijna")
}, {
"duration": 0.3,
"texture": SubResource("AtlasTexture_l1qbv")
}],
"loop": true,
"name": &"shoot",
"speed": 3.0
}]

[sub_resource type="RectangleShape2D" id="RectangleShape2D_4tr5i"]
size = Vector2(73, 48)

[sub_resource type="RectangleShape2D" id="RectangleShape2D_pagc3"]
size = Vector2(26, 34)

[sub_resource type="RectangleShape2D" id="RectangleShape2D_i23um"]
size = Vector2(23, 14)

[sub_resource type="RectangleShape2D" id="RectangleShape2D_af0t7"]
size = Vector2(45.75, 8)

[node name="mkt_character" type="CharacterBody2D"]
collision_layer = 4
collision_mask = 27
script = ExtResource("1_lnpxl")

[node name="mkt_animation" type="AnimatedSprite2D" parent="."]
position = Vector2(-7, -95)
sprite_frames = SubResource("SpriteFrames_tg3bm")
animation = &"shoot"
frame_progress = 0.713906
centered = false

[node name="mkt_collision1" type="CollisionShape2D" parent="."]
position = Vector2(36.5, -24)
shape = SubResource("RectangleShape2D_4tr5i")

[node name="mkt_collision2" type="CollisionShape2D" parent="."]
position = Vector2(28, -65)
shape = SubResource("RectangleShape2D_pagc3")

[node name="mkt_collision3" type="CollisionShape2D" parent="."]
position = Vector2(52.5, -55)
shape = SubResource("RectangleShape2D_i23um")

[node name="mkt_collision4" type="CollisionShape2D" parent="."]
position = Vector2(96.125, -43)
shape = SubResource("RectangleShape2D_af0t7")

[node name="mkt_ray" type="RayCast2D" parent="."]
position = Vector2(119, -43)
target_position = Vector2(400, 0)
collision_mask = 26
