[gd_scene load_steps=37 format=3 uid="uid://b5wb6i3e5tjqi"]

[ext_resource type="Texture2D" uid="uid://dfyjl4fdrs2t7" path="res://assets/characters/enemies/MKU/MK_U_die.png" id="1_fpqeg"]
[ext_resource type="Script" path="res://assets/characters/enemies/MKU/mku_character.gd" id="1_jxas0"]
[ext_resource type="Texture2D" uid="uid://dnq4y5xy41myo" path="res://assets/characters/enemies/MKU/MK_U_idle.png" id="2_mn7cd"]
[ext_resource type="Texture2D" uid="uid://6hs886lfnc0n" path="res://assets/characters/enemies/MKU/MK_U_attack.png" id="3_ntwbs"]
[ext_resource type="Texture2D" uid="uid://d27cybab2sj5k" path="res://assets/characters/enemies/MKU/MK_U_walk.png" id="4_rdvad"]

[sub_resource type="AtlasTexture" id="AtlasTexture_s3clc"]
atlas = ExtResource("1_fpqeg")
region = Rect2(0, 0, 168, 150)

[sub_resource type="AtlasTexture" id="AtlasTexture_gnubf"]
atlas = ExtResource("1_fpqeg")
region = Rect2(168, 0, 168, 150)

[sub_resource type="AtlasTexture" id="AtlasTexture_4soj1"]
atlas = ExtResource("1_fpqeg")
region = Rect2(336, 0, 168, 150)

[sub_resource type="AtlasTexture" id="AtlasTexture_mpxyk"]
atlas = ExtResource("1_fpqeg")
region = Rect2(504, 0, 168, 150)

[sub_resource type="AtlasTexture" id="AtlasTexture_rre1e"]
atlas = ExtResource("1_fpqeg")
region = Rect2(672, 0, 168, 150)

[sub_resource type="AtlasTexture" id="AtlasTexture_ryyd1"]
atlas = ExtResource("2_mn7cd")
region = Rect2(0, 0, 168, 150)

[sub_resource type="AtlasTexture" id="AtlasTexture_cwed0"]
atlas = ExtResource("2_mn7cd")
region = Rect2(168, 0, 168, 150)

[sub_resource type="AtlasTexture" id="AtlasTexture_fn5ql"]
atlas = ExtResource("2_mn7cd")
region = Rect2(336, 0, 168, 150)

[sub_resource type="AtlasTexture" id="AtlasTexture_7kxs1"]
atlas = ExtResource("2_mn7cd")
region = Rect2(504, 0, 168, 150)

[sub_resource type="AtlasTexture" id="AtlasTexture_haa7m"]
atlas = ExtResource("2_mn7cd")
region = Rect2(672, 0, 168, 150)

[sub_resource type="AtlasTexture" id="AtlasTexture_jv1uw"]
atlas = ExtResource("2_mn7cd")
region = Rect2(840, 0, 168, 150)

[sub_resource type="AtlasTexture" id="AtlasTexture_l2bxh"]
atlas = ExtResource("2_mn7cd")
region = Rect2(1008, 0, 168, 150)

[sub_resource type="AtlasTexture" id="AtlasTexture_865di"]
atlas = ExtResource("2_mn7cd")
region = Rect2(1176, 0, 168, 150)

[sub_resource type="AtlasTexture" id="AtlasTexture_luctu"]
atlas = ExtResource("3_ntwbs")
region = Rect2(0, 0, 168, 150)

[sub_resource type="AtlasTexture" id="AtlasTexture_yxn3m"]
atlas = ExtResource("3_ntwbs")
region = Rect2(168, 0, 168, 150)

[sub_resource type="AtlasTexture" id="AtlasTexture_rkkta"]
atlas = ExtResource("3_ntwbs")
region = Rect2(336, 0, 168, 150)

[sub_resource type="AtlasTexture" id="AtlasTexture_qi3dv"]
atlas = ExtResource("3_ntwbs")
region = Rect2(504, 0, 168, 150)

[sub_resource type="AtlasTexture" id="AtlasTexture_k6mca"]
atlas = ExtResource("3_ntwbs")
region = Rect2(672, 0, 168, 150)

[sub_resource type="AtlasTexture" id="AtlasTexture_s6dhx"]
atlas = ExtResource("3_ntwbs")
region = Rect2(840, 0, 168, 150)

[sub_resource type="AtlasTexture" id="AtlasTexture_14k4o"]
atlas = ExtResource("3_ntwbs")
region = Rect2(1008, 0, 168, 150)

[sub_resource type="AtlasTexture" id="AtlasTexture_0nd4i"]
atlas = ExtResource("3_ntwbs")
region = Rect2(1176, 0, 168, 150)

[sub_resource type="AtlasTexture" id="AtlasTexture_j6ipv"]
atlas = ExtResource("4_rdvad")
region = Rect2(0, 0, 168, 150)

[sub_resource type="AtlasTexture" id="AtlasTexture_qmnfi"]
atlas = ExtResource("4_rdvad")
region = Rect2(168, 0, 168, 150)

[sub_resource type="AtlasTexture" id="AtlasTexture_6s4y4"]
atlas = ExtResource("4_rdvad")
region = Rect2(336, 0, 168, 150)

[sub_resource type="AtlasTexture" id="AtlasTexture_hg0l2"]
atlas = ExtResource("4_rdvad")
region = Rect2(504, 0, 168, 150)

[sub_resource type="AtlasTexture" id="AtlasTexture_yceik"]
atlas = ExtResource("4_rdvad")
region = Rect2(672, 0, 168, 150)

[sub_resource type="AtlasTexture" id="AtlasTexture_7u4fr"]
atlas = ExtResource("4_rdvad")
region = Rect2(840, 0, 168, 150)

[sub_resource type="AtlasTexture" id="AtlasTexture_luupf"]
atlas = ExtResource("4_rdvad")
region = Rect2(1008, 0, 168, 150)

[sub_resource type="AtlasTexture" id="AtlasTexture_ao06r"]
atlas = ExtResource("4_rdvad")
region = Rect2(1176, 0, 168, 150)

[sub_resource type="SpriteFrames" id="SpriteFrames_bgd4w"]
animations = [{
"frames": [{
"duration": 1.0,
"texture": SubResource("AtlasTexture_s3clc")
}, {
"duration": 1.0,
"texture": SubResource("AtlasTexture_gnubf")
}, {
"duration": 1.0,
"texture": SubResource("AtlasTexture_4soj1")
}, {
"duration": 1.0,
"texture": SubResource("AtlasTexture_mpxyk")
}, {
"duration": 1.0,
"texture": SubResource("AtlasTexture_rre1e")
}],
"loop": false,
"name": &"die",
"speed": 12.0
}, {
"frames": [{
"duration": 1.0,
"texture": SubResource("AtlasTexture_ryyd1")
}, {
"duration": 1.0,
"texture": SubResource("AtlasTexture_cwed0")
}, {
"duration": 1.0,
"texture": SubResource("AtlasTexture_fn5ql")
}, {
"duration": 1.0,
"texture": SubResource("AtlasTexture_7kxs1")
}, {
"duration": 1.0,
"texture": SubResource("AtlasTexture_haa7m")
}, {
"duration": 1.0,
"texture": SubResource("AtlasTexture_jv1uw")
}, {
"duration": 1.0,
"texture": SubResource("AtlasTexture_l2bxh")
}, {
"duration": 1.0,
"texture": SubResource("AtlasTexture_865di")
}],
"loop": true,
"name": &"idle",
"speed": 4.0
}, {
"frames": [{
"duration": 1.0,
"texture": SubResource("AtlasTexture_luctu")
}, {
"duration": 1.0,
"texture": SubResource("AtlasTexture_yxn3m")
}, {
"duration": 1.0,
"texture": SubResource("AtlasTexture_rkkta")
}, {
"duration": 1.0,
"texture": SubResource("AtlasTexture_qi3dv")
}, {
"duration": 1.0,
"texture": SubResource("AtlasTexture_k6mca")
}, {
"duration": 1.0,
"texture": SubResource("AtlasTexture_s6dhx")
}, {
"duration": 2.0,
"texture": SubResource("AtlasTexture_14k4o")
}, {
"duration": 2.0,
"texture": SubResource("AtlasTexture_0nd4i")
}, {
"duration": 2.0,
"texture": SubResource("AtlasTexture_14k4o")
}, {
"duration": 2.0,
"texture": SubResource("AtlasTexture_0nd4i")
}, {
"duration": 2.0,
"texture": SubResource("AtlasTexture_14k4o")
}, {
"duration": 2.0,
"texture": SubResource("AtlasTexture_0nd4i")
}, {
"duration": 2.0,
"texture": SubResource("AtlasTexture_14k4o")
}, {
"duration": 1.0,
"texture": SubResource("AtlasTexture_s6dhx")
}, {
"duration": 1.0,
"texture": SubResource("AtlasTexture_k6mca")
}, {
"duration": 1.0,
"texture": SubResource("AtlasTexture_qi3dv")
}, {
"duration": 1.0,
"texture": SubResource("AtlasTexture_rkkta")
}, {
"duration": 1.0,
"texture": SubResource("AtlasTexture_yxn3m")
}, {
"duration": 1.0,
"texture": SubResource("AtlasTexture_luctu")
}],
"loop": false,
"name": &"shoot",
"speed": 18.0
}, {
"frames": [{
"duration": 1.0,
"texture": SubResource("AtlasTexture_j6ipv")
}, {
"duration": 1.0,
"texture": SubResource("AtlasTexture_qmnfi")
}, {
"duration": 1.0,
"texture": SubResource("AtlasTexture_6s4y4")
}, {
"duration": 1.0,
"texture": SubResource("AtlasTexture_hg0l2")
}, {
"duration": 1.0,
"texture": SubResource("AtlasTexture_yceik")
}, {
"duration": 1.0,
"texture": SubResource("AtlasTexture_7u4fr")
}, {
"duration": 1.0,
"texture": SubResource("AtlasTexture_luupf")
}, {
"duration": 1.0,
"texture": SubResource("AtlasTexture_ao06r")
}],
"loop": true,
"name": &"walk",
"speed": 10.0
}]

[sub_resource type="RectangleShape2D" id="RectangleShape2D_8g64u"]
size = Vector2(101, 145)

[node name="mku_character" type="CharacterBody2D"]
collision_layer = 4
collision_mask = 29
script = ExtResource("1_jxas0")

[node name="mku_animation" type="AnimatedSprite2D" parent="."]
position = Vector2(-34, -150)
sprite_frames = SubResource("SpriteFrames_bgd4w")
animation = &"idle"
centered = false

[node name="mku_collision" type="CollisionShape2D" parent="."]
position = Vector2(50.5, -72.5)
shape = SubResource("RectangleShape2D_8g64u")
