[gd_scene load_steps=14 format=2]

[ext_resource path="res://Slingshot.tscn" type="PackedScene" id=1]
[ext_resource path="res://Bird.tscn" type="PackedScene" id=2]
[ext_resource path="res://tileset.png" type="Texture" id=3]
[ext_resource path="res://CameraController.gd" type="Script" id=4]
[ext_resource path="res://brick.tscn" type="PackedScene" id=5]
[ext_resource path="res://Pig.tscn" type="PackedScene" id=6]
[ext_resource path="res://InterfaceController.tscn" type="PackedScene" id=7]
[ext_resource path="res://Background.tscn" type="PackedScene" id=8]

[sub_resource type="ConvexPolygonShape2D" id=1]
points = PoolVector2Array( 48, 48, 0, 48, 0, 0, 48, 0 )

[sub_resource type="ConvexPolygonShape2D" id=2]
points = PoolVector2Array( 48, 48, 0, 48, 0, 0, 48, 0 )

[sub_resource type="ConvexPolygonShape2D" id=3]
points = PoolVector2Array( 32, 32, 0, 32, 0, 0, 32, 0 )

[sub_resource type="ConvexPolygonShape2D" id=5]
points = PoolVector2Array( 104, 42, 0.404999, 42, 0.404999, 0.497009, 104, 0.497009 )

[sub_resource type="TileSet" id=4]
0/name = "tileset.png 0"
0/texture = ExtResource( 3 )
0/tex_offset = Vector2( 0, 0 )
0/modulate = Color( 1, 1, 1, 1 )
0/region = Rect2( 288, 144, 48, 48 )
0/tile_mode = 0
0/occluder_offset = Vector2( 0, 0 )
0/navigation_offset = Vector2( 0, 0 )
0/shape_offset = Vector2( 0, 0 )
0/shape_transform = Transform2D( 1, 0, 0, 1, 0, 0 )
0/shape = SubResource( 1 )
0/shape_one_way = false
0/shape_one_way_margin = 1.0
0/shapes = [ {
"autotile_coord": Vector2( 0, 0 ),
"one_way": false,
"one_way_margin": 1.0,
"shape": SubResource( 1 ),
"shape_transform": Transform2D( 1, 0, 0, 1, 0, 0 )
} ]
0/z_index = 0
1/name = "tileset.png 1"
1/texture = ExtResource( 3 )
1/tex_offset = Vector2( 0, 0 )
1/modulate = Color( 1, 1, 1, 1 )
1/region = Rect2( 336, 144, 48, 48 )
1/tile_mode = 0
1/occluder_offset = Vector2( 0, 0 )
1/navigation_offset = Vector2( 0, 0 )
1/shape_offset = Vector2( 0, 0 )
1/shape_transform = Transform2D( 1, 0, 0, 1, 0, 0 )
1/shape = SubResource( 2 )
1/shape_one_way = false
1/shape_one_way_margin = 1.0
1/shapes = [ {
"autotile_coord": Vector2( 0, 0 ),
"one_way": false,
"one_way_margin": 1.0,
"shape": SubResource( 2 ),
"shape_transform": Transform2D( 1, 0, 0, 1, 0, 0 )
} ]
1/z_index = 0
2/name = "tileset.png 2"
2/texture = ExtResource( 3 )
2/tex_offset = Vector2( 0, 0 )
2/modulate = Color( 1, 1, 1, 1 )
2/region = Rect2( 320, 96, 32, 32 )
2/tile_mode = 0
2/occluder_offset = Vector2( 0, 0 )
2/navigation_offset = Vector2( 0, 0 )
2/shape_offset = Vector2( 0, 0 )
2/shape_transform = Transform2D( 1, 0, 0, 1, 0, 0 )
2/shape = SubResource( 3 )
2/shape_one_way = false
2/shape_one_way_margin = 1.0
2/shapes = [ {
"autotile_coord": Vector2( 0, 0 ),
"one_way": false,
"one_way_margin": 1.0,
"shape": SubResource( 3 ),
"shape_transform": Transform2D( 1, 0, 0, 1, 0, 0 )
} ]
2/z_index = 0
3/name = "tileset.png 3"
3/texture = ExtResource( 3 )
3/tex_offset = Vector2( 0, 0 )
3/modulate = Color( 1, 1, 1, 1 )
3/region = Rect2( 174, 127, 104, 42 )
3/tile_mode = 0
3/occluder_offset = Vector2( 0, 0 )
3/navigation_offset = Vector2( 0, 0 )
3/shape_offset = Vector2( 0, 0 )
3/shape_transform = Transform2D( 1, 0, 0, 1, 0, 0 )
3/shape = SubResource( 5 )
3/shape_one_way = false
3/shape_one_way_margin = 1.0
3/shapes = [ {
"autotile_coord": Vector2( 0, 0 ),
"one_way": false,
"one_way_margin": 1.0,
"shape": SubResource( 5 ),
"shape_transform": Transform2D( 1, 0, 0, 1, 0, 0 )
} ]
3/z_index = 0

[node name="GameLoop" type="Node2D"]

[node name="Background" parent="." instance=ExtResource( 8 )]
position = Vector2( 264, -24 )

[node name="Bird" parent="." instance=ExtResource( 2 )]

[node name="Bird2" parent="." instance=ExtResource( 2 )]
position = Vector2( -85, 2 )

[node name="Slingshot" parent="." instance=ExtResource( 1 )]

[node name="Camera2D" type="Camera2D" parent="." groups=["Camera"]]
position = Vector2( 413, 45 )
current = true
zoom = Vector2( 1.359, 1.292 )
script = ExtResource( 4 )

[node name="Tween" type="Tween" parent="Camera2D"]

[node name="TileMap" type="TileMap" parent="."]
position = Vector2( 71, 266 )
tile_set = SubResource( 4 )
cell_size = Vector2( 47, 45 )
format = 1
tile_data = PoolIntArray( -458722, 2, 0, -393186, 2, 0, -327650, 2, 0, -262114, 2, 0, -196578, 2, 0, -131042, 2, 0, -65506, 2, 0, 0, 0, 0, 1, 0, 0, 2, 0, 0, 3, 0, 0, 4, 0, 0, 5, 0, 0, 6, 0, 0, 7, 0, 0, 8, 0, 0, 9, 0, 0, 10, 0, 0, 11, 0, 0, 12, 0, 0, 13, 0, 0, 14, 0, 0, 15, 0, 0, 16, 0, 0, 17, 0, 0, 18, 0, 0, 19, 0, 0, 20, 0, 0, 21, 0, 0, 22, 0, 0, 23, 0, 0, 24, 0, 0, 25, 0, 0, 26, 0, 0, 27, 0, 0, 28, 0, 0, 29, 0, 0, 30, 0, 0 )

[node name="Bricks" type="Node2D" parent="."]
position = Vector2( 166, 266 )

[node name="RigidBody2D" parent="Bricks" instance=ExtResource( 5 )]
position = Vector2( 377, -132 )

[node name="RigidBody2D3" parent="Bricks" instance=ExtResource( 5 )]
position = Vector2( 431, -53 )
rotation = 1.5708

[node name="RigidBody2D2" parent="Bricks" instance=ExtResource( 5 )]
position = Vector2( 373, -56 )
rotation = -1.5708

[node name="RigidBody2D4" parent="Bricks" instance=ExtResource( 5 )]
position = Vector2( 285, -108 )

[node name="RigidBody2D5" parent="Bricks" instance=ExtResource( 5 )]
position = Vector2( 377, -112 )

[node name="RigidBody2D6" parent="Bricks" instance=ExtResource( 5 )]
position = Vector2( 507, -54 )
rotation = -1.5708

[node name="RigidBody2D7" parent="Bricks" instance=ExtResource( 5 )]
position = Vector2( 467, -112 )

[node name="RigidBody2D8" parent="Bricks" instance=ExtResource( 5 )]
position = Vector2( 316, -46 )
rotation = 1.5708

[node name="RigidBody2D9" parent="Bricks" instance=ExtResource( 5 )]
position = Vector2( 245, -49 )
rotation = -1.5708

[node name="Bricks2" type="Node2D" parent="."]
position = Vector2( 462, 262 )

[node name="RigidBody2D" parent="Bricks2" instance=ExtResource( 5 )]
position = Vector2( 377, -132 )

[node name="RigidBody2D3" parent="Bricks2" instance=ExtResource( 5 )]
position = Vector2( 431, -53 )
rotation = 1.5708

[node name="RigidBody2D2" parent="Bricks2" instance=ExtResource( 5 )]
position = Vector2( 373, -56 )
rotation = -1.5708

[node name="RigidBody2D4" parent="Bricks2" instance=ExtResource( 5 )]
position = Vector2( 285, -108 )

[node name="RigidBody2D5" parent="Bricks2" instance=ExtResource( 5 )]
position = Vector2( 377, -112 )

[node name="RigidBody2D6" parent="Bricks2" instance=ExtResource( 5 )]
position = Vector2( 507, -54 )
rotation = -1.5708

[node name="RigidBody2D7" parent="Bricks2" instance=ExtResource( 5 )]
position = Vector2( 467, -112 )

[node name="RigidBody2D8" parent="Bricks2" instance=ExtResource( 5 )]
position = Vector2( 316, -46 )
rotation = 1.5708

[node name="RigidBody2D9" parent="Bricks2" instance=ExtResource( 5 )]
position = Vector2( 245, -49 )
rotation = -1.5708

[node name="Pig" parent="." instance=ExtResource( 6 )]
position = Vector2( 446, 115 )

[node name="Pig2" parent="." instance=ExtResource( 6 )]
position = Vector2( 647, 111 )

[node name="Pig3" parent="." instance=ExtResource( 6 )]
position = Vector2( 836, 85 )

[node name="InterfaceController" parent="." instance=ExtResource( 7 )]
