[gd_scene load_steps=40 format=3 uid="uid://v7f8ijkq7318"]

[ext_resource type="Texture2D" uid="uid://lmisveb32orx" path="res://assets/characters/enemies/MK150/MK_150_attack.png" id="1_5jwro"]
[ext_resource type="Script" path="res://assets/characters/enemies/MK150/mk150_character.gd" id="1_44c8g"]
[ext_resource type="Texture2D" uid="uid://blcm8nfb0yjbo" path="res://assets/characters/enemies/MK150/MK_150_die.png" id="2_af1hf"]
[ext_resource type="Texture2D" uid="uid://r1xmfo1bg3id" path="res://assets/characters/enemies/MK150/MK_150_idle.png" id="3_0n8bi"]
[ext_resource type="Texture2D" uid="uid://btg07v75bphkf" path="res://assets/characters/enemies/MK150/MK_150_walk.png" id="4_awm5e"]

[sub_resource type="RectangleShape2D" id="RectangleShape2D_nnr5r"]
size = Vector2(332, 103)

[sub_resource type="RectangleShape2D" id="RectangleShape2D_r3mpx"]
size = Vector2(332, 103)

[sub_resource type="RectangleShape2D" id="RectangleShape2D_5agni"]
size = Vector2(23, 93)

[sub_resource type="RectangleShape2D" id="RectangleShape2D_qdb68"]
size = Vector2(46, 19)

[sub_resource type="AtlasTexture" id="AtlasTexture_6bgqn"]
atlas = ExtResource("1_5jwro")
region = Rect2(0, 0, 148, 124)

[sub_resource type="AtlasTexture" id="AtlasTexture_pdj3e"]
atlas = ExtResource("1_5jwro")
region = Rect2(148, 0, 148, 124)

[sub_resource type="AtlasTexture" id="AtlasTexture_c0b0u"]
atlas = ExtResource("1_5jwro")
region = Rect2(296, 0, 148, 124)

[sub_resource type="AtlasTexture" id="AtlasTexture_fb6dn"]
atlas = ExtResource("1_5jwro")
region = Rect2(444, 0, 148, 124)

[sub_resource type="AtlasTexture" id="AtlasTexture_40o1m"]
atlas = ExtResource("1_5jwro")
region = Rect2(592, 0, 148, 124)

[sub_resource type="AtlasTexture" id="AtlasTexture_6o2hr"]
atlas = ExtResource("2_af1hf")
region = Rect2(0, 0, 124, 124)

[sub_resource type="AtlasTexture" id="AtlasTexture_rdon3"]
atlas = ExtResource("2_af1hf")
region = Rect2(124, 0, 124, 124)

[sub_resource type="AtlasTexture" id="AtlasTexture_susii"]
atlas = ExtResource("2_af1hf")
region = Rect2(248, 0, 124, 124)

[sub_resource type="AtlasTexture" id="AtlasTexture_dlb2p"]
atlas = ExtResource("2_af1hf")
region = Rect2(372, 0, 124, 124)

[sub_resource type="AtlasTexture" id="AtlasTexture_rsu1u"]
atlas = ExtResource("2_af1hf")
region = Rect2(496, 0, 124, 124)

[sub_resource type="AtlasTexture" id="AtlasTexture_uqyes"]
atlas = ExtResource("3_0n8bi")
region = Rect2(0, 0, 124, 124)

[sub_resource type="AtlasTexture" id="AtlasTexture_enqck"]
atlas = ExtResource("3_0n8bi")
region = Rect2(124, 0, 124, 124)

[sub_resource type="AtlasTexture" id="AtlasTexture_5ljmd"]
atlas = ExtResource("3_0n8bi")
region = Rect2(248, 0, 124, 124)

[sub_resource type="AtlasTexture" id="AtlasTexture_hjigx"]
atlas = ExtResource("3_0n8bi")
region = Rect2(372, 0, 124, 124)

[sub_resource type="AtlasTexture" id="AtlasTexture_5k4l6"]
atlas = ExtResource("3_0n8bi")
region = Rect2(496, 0, 124, 124)

[sub_resource type="AtlasTexture" id="AtlasTexture_yme44"]
atlas = ExtResource("3_0n8bi")
region = Rect2(620, 0, 124, 124)

[sub_resource type="AtlasTexture" id="AtlasTexture_6edsx"]
atlas = ExtResource("4_awm5e")
region = Rect2(0, 0, 124, 124)

[sub_resource type="AtlasTexture" id="AtlasTexture_2hjya"]
atlas = ExtResource("4_awm5e")
region = Rect2(124, 0, 124, 124)

[sub_resource type="AtlasTexture" id="AtlasTexture_i2qa7"]
atlas = ExtResource("4_awm5e")
region = Rect2(248, 0, 124, 124)

[sub_resource type="AtlasTexture" id="AtlasTexture_fft83"]
atlas = ExtResource("4_awm5e")
region = Rect2(372, 0, 124, 124)

[sub_resource type="AtlasTexture" id="AtlasTexture_8xipi"]
atlas = ExtResource("4_awm5e")
region = Rect2(496, 0, 124, 124)

[sub_resource type="AtlasTexture" id="AtlasTexture_3j6it"]
atlas = ExtResource("4_awm5e")
region = Rect2(620, 0, 124, 124)

[sub_resource type="AtlasTexture" id="AtlasTexture_ivbcw"]
atlas = ExtResource("4_awm5e")
region = Rect2(0, 0, 124, 124)

[sub_resource type="AtlasTexture" id="AtlasTexture_n4jwe"]
atlas = ExtResource("4_awm5e")
region = Rect2(124, 0, 124, 124)

[sub_resource type="AtlasTexture" id="AtlasTexture_ka47v"]
atlas = ExtResource("4_awm5e")
region = Rect2(248, 0, 124, 124)

[sub_resource type="AtlasTexture" id="AtlasTexture_eu6e6"]
atlas = ExtResource("4_awm5e")
region = Rect2(372, 0, 124, 124)

[sub_resource type="AtlasTexture" id="AtlasTexture_lxxoi"]
atlas = ExtResource("4_awm5e")
region = Rect2(496, 0, 124, 124)

[sub_resource type="AtlasTexture" id="AtlasTexture_5e6mk"]
atlas = ExtResource("4_awm5e")
region = Rect2(620, 0, 124, 124)

[sub_resource type="SpriteFrames" id="SpriteFrames_almkn"]
animations = [{
"frames": [{
"duration": 1.0,
"texture": SubResource("AtlasTexture_6bgqn")
}, {
"duration": 1.0,
"texture": SubResource("AtlasTexture_pdj3e")
}, {
"duration": 2.0,
"texture": SubResource("AtlasTexture_c0b0u")
}, {
"duration": 0.5,
"texture": SubResource("AtlasTexture_fb6dn")
}, {
"duration": 5.0,
"texture": SubResource("AtlasTexture_40o1m")
}, {
"duration": 1.0,
"texture": SubResource("AtlasTexture_fb6dn")
}],
"loop": false,
"name": &"attack",
"speed": 10.0
}, {
"frames": [{
"duration": 1.0,
"texture": SubResource("AtlasTexture_6o2hr")
}, {
"duration": 1.0,
"texture": SubResource("AtlasTexture_rdon3")
}, {
"duration": 1.0,
"texture": SubResource("AtlasTexture_susii")
}, {
"duration": 1.0,
"texture": SubResource("AtlasTexture_dlb2p")
}, {
"duration": 1.0,
"texture": SubResource("AtlasTexture_rsu1u")
}],
"loop": false,
"name": &"die",
"speed": 10.0
}, {
"frames": [{
"duration": 1.0,
"texture": SubResource("AtlasTexture_uqyes")
}, {
"duration": 1.0,
"texture": SubResource("AtlasTexture_enqck")
}, {
"duration": 1.0,
"texture": SubResource("AtlasTexture_5ljmd")
}, {
"duration": 1.0,
"texture": SubResource("AtlasTexture_hjigx")
}, {
"duration": 1.0,
"texture": SubResource("AtlasTexture_5k4l6")
}, {
"duration": 1.0,
"texture": SubResource("AtlasTexture_yme44")
}],
"loop": true,
"name": &"idle",
"speed": 4.0
}, {
"frames": [{
"duration": 1.0,
"texture": SubResource("AtlasTexture_6edsx")
}, {
"duration": 1.0,
"texture": SubResource("AtlasTexture_2hjya")
}, {
"duration": 1.0,
"texture": SubResource("AtlasTexture_i2qa7")
}, {
"duration": 1.0,
"texture": SubResource("AtlasTexture_fft83")
}, {
"duration": 1.0,
"texture": SubResource("AtlasTexture_8xipi")
}, {
"duration": 1.0,
"texture": SubResource("AtlasTexture_3j6it")
}],
"loop": true,
"name": &"run",
"speed": 15.0
}, {
"frames": [{
"duration": 1.0,
"texture": SubResource("AtlasTexture_ivbcw")
}, {
"duration": 1.0,
"texture": SubResource("AtlasTexture_n4jwe")
}, {
"duration": 1.0,
"texture": SubResource("AtlasTexture_ka47v")
}, {
"duration": 1.0,
"texture": SubResource("AtlasTexture_eu6e6")
}, {
"duration": 1.0,
"texture": SubResource("AtlasTexture_lxxoi")
}, {
"duration": 1.0,
"texture": SubResource("AtlasTexture_5e6mk")
}],
"loop": true,
"name": &"walk",
"speed": 5.0
}]

[sub_resource type="CapsuleShape2D" id="CapsuleShape2D_8weay"]
radius = 27.0
height = 94.0

[node name="MK150_character" type="CharacterBody2D"]
position = Vector2(-5, 0)
collision_layer = 4
collision_mask = 11
script = ExtResource("1_44c8g")

[node name="detection_area" type="Area2D" parent="."]
collision_layer = 0
collision_mask = 2

[node name="detection_collision_left" type="CollisionShape2D" parent="detection_area"]
position = Vector2(-94, -51.5)
shape = SubResource("RectangleShape2D_nnr5r")

[node name="detection_collision_right" type="CollisionShape2D" parent="detection_area"]
position = Vector2(166, -51.5)
shape = SubResource("RectangleShape2D_r3mpx")
disabled = true

[node name="attack_area" type="Area2D" parent="."]
collision_layer = 0
collision_mask = 10

[node name="attack_collision_right" type="CollisionShape2D" parent="attack_area"]
position = Vector2(71, -47)
shape = SubResource("RectangleShape2D_5agni")

[node name="attack_collision_left" type="CollisionShape2D" parent="attack_area"]
position = Vector2(-7, -46.5)
shape = SubResource("RectangleShape2D_5agni")

[node name="hit_area" type="Area2D" parent="."]
collision_layer = 0
collision_mask = 10

[node name="hit_collision_right" type="CollisionShape2D" parent="hit_area"]
position = Vector2(82, -63.5)
shape = SubResource("RectangleShape2D_qdb68")
disabled = true

[node name="hit_collision_left" type="CollisionShape2D" parent="hit_area"]
position = Vector2(-18, -63.5)
shape = SubResource("RectangleShape2D_qdb68")
disabled = true

[node name="mk150_animation" type="AnimatedSprite2D" parent="."]
position = Vector2(32, -62)
sprite_frames = SubResource("SpriteFrames_almkn")
animation = &"die"

[node name="mk150_collision" type="CollisionShape2D" parent="."]
position = Vector2(32, -47)
shape = SubResource("CapsuleShape2D_8weay")

[node name="wall_detection_right" type="RayCast2D" parent="."]
position = Vector2(60, -42)
target_position = Vector2(0, -10)
hit_from_inside = true

[node name="wall_detection_left" type="RayCast2D" parent="."]
position = Vector2(4, -42)
target_position = Vector2(0, -10)
hit_from_inside = true

[node name="stair_detection_left" type="RayCast2D" parent="."]
position = Vector2(4, -42)
target_position = Vector2(0, 42)

[node name="stair_detection_right" type="RayCast2D" parent="."]
position = Vector2(60, -42)
target_position = Vector2(0, 42)

[connection signal="body_entered" from="detection_area" to="." method="_on_detection_body_entered"]
[connection signal="body_exited" from="detection_area" to="." method="_on_detection_body_exited"]
[connection signal="body_entered" from="attack_area" to="." method="_on_attack_body_entered"]
[connection signal="body_exited" from="attack_area" to="." method="_on_attack_body_exited"]
[connection signal="body_entered" from="hit_area" to="." method="_on_hit_body_entered"]
[connection signal="animation_finished" from="mk150_animation" to="." method="_on_animation_finished"]
