[gd_scene load_steps=7 format=3 uid="uid://chnrhhbr6ijql"]

[ext_resource type="Script" path="res://Scenes/ParallaxBackgroundSky.gd" id="1_ebt00"]
[ext_resource type="Script" path="res://Scenes/ParallaxBackground.gd" id="1_su4id"]
[ext_resource type="Texture2D" uid="uid://c7hw4sxkg271e" path="res://Assets/FonFront.png" id="1_yy0lm"]
[ext_resource type="Texture2D" uid="uid://bmtbdd3i7yagn" path="res://Assets/fonMiddle.png" id="2_eh50h"]
[ext_resource type="Texture2D" uid="uid://cna8xpxevabe4" path="res://Assets/FonBack.png" id="2_i1c3v"]
[ext_resource type="Texture2D" uid="uid://bwg0y534imsc1" path="res://Assets/dirt.jpg" id="6_hcbm2"]

[node name="Ground" type="Node2D"]
position = Vector2(5, 457)

[node name="ParallaxBackgroundSky" type="ParallaxBackground" parent="."]
layer = -1
script = ExtResource("1_ebt00")

[node name="SkyBox" type="ParallaxLayer" parent="ParallaxBackgroundSky"]
motion_mirroring = Vector2(3963, 0)

[node name="Sprite2D" type="Sprite2D" parent="ParallaxBackgroundSky/SkyBox"]
position = Vector2(-930, -815)
texture = ExtResource("2_i1c3v")
centered = false

[node name="ParallaxBackground" type="ParallaxBackground" parent="."]
layer = -1
script = ExtResource("1_su4id")

[node name="BackgroundParallaxLayer" type="ParallaxLayer" parent="ParallaxBackground"]
position = Vector2(0, 450)
motion_mirroring = Vector2(4458, 0)

[node name="Sprite2D" type="Sprite2D" parent="ParallaxBackground/BackgroundParallaxLayer"]
position = Vector2(-936, -918)
scale = Vector2(0.581482, 0.581482)
texture = ExtResource("2_eh50h")
centered = false

[node name="Sprite2D2" type="Sprite2D" parent="ParallaxBackground/BackgroundParallaxLayer"]
position = Vector2(1363, -908)
scale = Vector2(0.581482, 0.581482)
texture = ExtResource("2_eh50h")
centered = false

[node name="ground" type="Sprite2D" parent="ParallaxBackground/BackgroundParallaxLayer"]
position = Vector2(207, -239.5)
scale = Vector2(1.79375, 0.535)
texture = ExtResource("6_hcbm2")

[node name="ground2" type="Sprite2D" parent="ParallaxBackground/BackgroundParallaxLayer"]
position = Vector2(2503, -239)
scale = Vector2(1.79375, 0.535)
texture = ExtResource("6_hcbm2")

[node name="FrontGround" type="ParallaxLayer" parent="ParallaxBackground"]
position = Vector2(-898, 450)
motion_scale = Vector2(0.9, 1)
motion_mirroring = Vector2(4458, 0)

[node name="Sprite2D" type="Sprite2D" parent="ParallaxBackground/FrontGround"]
position = Vector2(2324, -830)
scale = Vector2(0.596296, 0.596296)
texture = ExtResource("1_yy0lm")
centered = false

[node name="Sprite2D2" type="Sprite2D" parent="ParallaxBackground/FrontGround"]
position = Vector2(-34, -830)
scale = Vector2(0.596296, 0.596296)
texture = ExtResource("1_yy0lm")
centered = false
